<record><leader>00000cas a22000007a 4500</leader><controlfield tag="001">15669088</controlfield><controlfield tag="008">870511d18621864iauwr ne      0    0eng d</controlfield><datafield ind1=" " ind2=" " tag="010"><subfield code="a">sn 87058206 </subfield></datafield><datafield ind1=" " ind2=" " tag="040"><subfield code="a">INP</subfield><subfield code="b">eng</subfield><subfield code="c">INP</subfield><subfield code="d">OCLCQ</subfield></datafield><datafield ind1=" " ind2=" " tag="042"><subfield code="a">msc</subfield></datafield><datafield ind1="0" ind2=" " tag="130"><subfield code="a">Courier (Muscatine, Iowa)</subfield></datafield><datafield ind1="1" ind2="4" tag="245"><subfield code="a">The courier.</subfield></datafield><datafield ind1="1" ind2="7" tag="246"><subfield code="a">Weekly courier</subfield></datafield><datafield ind1=" " ind2=" " tag="260"><subfield code="a">Muscatine, Iowa :</subfield><subfield code="b">Edward H. Thayer</subfield></datafield><datafield ind1=" " ind2=" " tag="300"><subfield code="a">v.</subfield></datafield><datafield ind1=" " ind2=" " tag="310"><subfield code="a">Weekly</subfield></datafield><datafield ind1="1" ind2=" " tag="362"><subfield code="a">Began in 1862? Ceased between Nov. 11 and Dec. 30, 1864.</subfield></datafield><datafield ind1=" " ind2=" " tag="515"><subfield code="a">Suspended for two to three weeks beginning Nov. 12, 1864. Cf. Courier (Muscatine, Iowa), Nov. 11, 1864.</subfield></datafield><datafield ind1=" " ind2=" " tag="588"><subfield code="a">Description based on: Vol. 2, no. 1 (July 2, 1863).</subfield></datafield><datafield ind1=" " ind2=" " tag="752"><subfield code="a">United States</subfield><subfield code="b">Iowa</subfield><subfield code="c">Muscatine</subfield><subfield code="d">Muscatine.</subfield></datafield><datafield ind1="0" ind2=" " tag="775"><subfield code="t">Muscatine daily courier</subfield><subfield code="w">(DLC)sn 87058213</subfield><subfield code="g">&lt;July 1863-Nov. 11, 1864&gt;</subfield></datafield><datafield ind1="0" ind2="0" tag="780"><subfield code="t">Iowa democratic enquirer</subfield><subfield code="w">(DLC)sn 86083327</subfield></datafield><datafield ind1="0" ind2="0" tag="785"><subfield code="t">Weekly courier (Muscatine, Iowa)</subfield><subfield code="w">(DLC)sn 87058207</subfield></datafield><datafield ind1="1" ind2=" " tag="029"><subfield code="a">AU@</subfield><subfield code="b">000025831949</subfield></datafield></record>